@book{weinberg,
  title={Gravitation and Cosmology: Principles and Applications of the General Theory of Relativity},
  author={Weinberg, S.},
  isbn={9780471925675},
  lccn={78037175},
  url={https://books.google.com.co/books?id=XLbvAAAAMAAJ},
  year={1972},
  publisher={Wiley}
}
@book{arnold,
  title={Mathematical Methods of Classical Mechanics},
  author={Vogtmann, K. and Weinstein, A. and Arnold, V.I.},
  isbn={9780387968902},
  lccn={97221119},
  series={Graduate Texts in Mathematics},
  url={https://books.google.com.co/books?id=Pd8-s6rOt_cC},
  year={1997},
  publisher={Springer New York}
}

@book{goldstein,
  title={Classical Mechanics},
  author={Goldstein, H. and Poole, C.P. and Safko, J.L.},
  isbn={9780321188977},
  lccn={2001027951},
  series={Addison-Wesley series in physics},
  url={https://books.google.com.co/books?id=EE-wQgAACAAJ},
  year={2002},
  publisher={Addison Wesley}
}
